
@book{perez2011automatic,
  title={Automatic gain control},
  author={P{\'e}rez, Juan Pablo Alegre and Pueyo, Santiago Celma and L{\'o}pez, Bel{\'e}n Calvo},
  year={2011},
  publisher={Springer}
}


@article{ohlson1974exact,
  title={Exact dynamics of automatic gain control},
  author={Ohlson, J},
  journal={IEEE Transactions on Communications},
  volume={22},
  number={1},
  pages={72--75},
  year={1974},
  publisher={IEEE}
}

@article{martinez2001automatic,
  title={Automatic gain control (AGC) circuits theory and design},
  author={Martinez, Isaac},
  journal={term paper, University of Toronto},
  year={2001}
}


@article{lu2023,
  author    = {卢霄},
  title     = {一种延迟式自动增益控制电路的设计及仿真研究},
  journal   = {电子制作},
  year      = {2023},
  volume    = {18},
  pages     = {83--85+78},
}

